@article{A83,
    title = {{$\Sigma_1^1$-Formulae on finite structures}},
    journal = {Annals of Pure and Applied Logic},
    volume = {24},
    number = {1},
    pages = {1--48},
    year = {1983},
    author = {Ajtai, M.}
}

@INPROCEEDINGS{A10, 
    author={Alon, Noga}, 
    booktitle={Foundations of Computer Science (FOCS), 2010 51st Annual IEEE Symposium on}, 
    title={{A Non-linear Lower Bound for Planar Epsilon-Nets}}, 
    year={2010}, 
    pages={341--346}, 
}

@UNPUBLISHED{A12,
    author={Andoni, Alexandr},
    title = {{High frequency moments via max-stability}},
    year = {2012},
    note = {Preprint}
}

@inproceedings{ABCDGKNS05,
    author = {Abraham, Ittai and Bartal, Yair and Chan, T-H. Hubert and Dhamdhere, Kedar and Gupta, Anupam and Kleinberg, Jon and Neiman, Ofer and Slivkins, Aleksandrs},
    title = {{Metric Embeddings with Relaxed Guarantees}},
    series = {FOCS '05},
    year = {2005},
    pages = {83--100},
    publisher = {IEEE Computer Society},
} 

@inproceedings{ABN08,
  author    = {Ittai Abraham and
               Yair Bartal and
               Ofer Neiman},
  title     = {Nearly Tight Low Stretch Spanning Trees},
  booktitle = {FOCS},
  year      = {2008},
  pages     = {781-790},
}

@article{ACKL05,
    author={Ashikhmin, Alexei and Cohen, G{\'{e}}rard and Krivelevich, Michael and Litsyn, Simon},
    title = {{Bounds on Distance Distributions in Codes of Known Size}},
    journal = {IEEE Transactions on Information Theory},
    year = {2005},
    pages = {250--257},
    volume = {51},
    number = {1}
}

@inproceedings{ADFGW11,
   author = {Abraham, Ittai and Delling, Daniel and Fiat, Amos and Goldberg, Andrew and Werneck, Renato},
   title = {{VC-Dimension and Shortest Path Algorithms}},
   booktitle = {Automata, Languages and Programming},
   publisher = {Springer Berlin / Heidelberg},
   pages = {690-699},
   volume = {6755},
   year = {2011}
}

@inproceedings{ADGW11,
  author    = {Ittai Abraham and
               Daniel Delling and
               Andrew V. Goldberg and
               Renato Fonseca F. Werneck},
  title     = {{A Hub-Based Labeling Algorithm for Shortest Paths in Road
               Networks}},
  booktitle = {SEA},
  year      = {2011},
  pages     = {230-241},
}

@inproceedings{AFGW10,
  author    = {Ittai Abraham and
               Amos Fiat and
               Andrew V. Goldberg and
               Renato Fonseca F. Werneck},
  title     = {{Highway Dimension, Shortest Paths, and Provably Efficient
               Algorithms}},
  booktitle = {SODA},
  year      = {2010},
  pages     = {782-793},
}

@article{AG76,
    author = {Ahlswede, Rudolf and G{\'{a}}cs, Peter},
    title = {{Spreading of Sets in Product Spaces and Hypercontraction of the Markov Operator}},
    journal = {The Annals of Probability},
    year = {1976},
    volume = {4},
    number = {6},
    pages = {925--939}
}

@inproceedings{AGH11,
  author    = {Rachit Agarwal and
               Philip Brighten Godfrey and
               Sariel Har-Peled},
  title     = {{Approximate distance queries and compact routing in sparse
               graphs}},
  booktitle = {INFOCOM},
  year      = {2011},
  pages     = {1754-1762},
}

@article{AKRS94,
    author = {Alon, Noga and Kalai, Gil and Ricklin, Moty and Stockmeyer, Larry},
    title = {{Lower Bounds on the Competitive Ratio for
    Mobile User Tracking and Distributed Job Scheduling}},
    journal = {Theoretical Computer Science},
    year = {1994},
    volume = {130},
    pages = {175--201}
}

@inproceedings{ALN05,
    author = {Arora, Sanjeev and Lee, James R. and Naor, Assaf},
    title = {{Euclidean distortion and the sparsest cut}},
    booktitle = {Proceedings of the thirty-seventh annual ACM symposium on Theory of computing},
    series = {STOC '05},
    year = {2005},
    pages = {553--562},
    publisher = {ACM},
}

@article{ALN07,
    author = {Arora, Sanjeev and Lee, James R. and Naor, Assaf},
    title = {{Fr\'{e}chet Embeddings of Negative Type Metrics}},
    journal = {Discrete and Computational Geometry},
    volume = {38},
    number = {4},
    year = {2007},
    pages = {726--739},
    publisher = {Springer-Verlag New York, Inc.},
} 

@inproceedings{AP09,
  author    = {Reid Andersen and
               Yuval Peres},
  title     = {{Finding sparse cuts locally using evolving sets}},
  booktitle = {STOC},
  year      = {2009},
  pages     = {235-244},
}

@article{ARS11,
    author = {Andreev, Mikhail and Razenshteyn, Ilya and Shen, Alexander},
    title = {{Not Every Domain of a Plain Decompressor Contains the Domain of a Prefix-Free One}},
    year = {2011},
    pages = {482--486},
    volume = {412},
    journal = {Theoretical Computer Science}
}

@book{AS92,
    author = {Alon, Noga and Spencer, Joel H.},
    address = {New York},
    publisher = {Wiley},
    title = {{The Probabilistic Method}},
    year = 1992,
}

@article {B85,
   author = {Bourgain, J.},
   title = {{On lipschitz embedding of finite metric spaces in Hilbert space}},
   journal = {Israel Journal of Mathematics},
   pages = {46-52},
   volume = {52},
   issue = {1},
   year = {1985}
}

@inproceedings{BFMSS07,
  author    = {Holger Bast and
               Stefan Funke and
               Domagoj Matijevic and
               Peter Sanders and
               Dominik Schultes},
  title     = {{In Transit to Constant Time Shortest-Path Queries in Road
               Networks}},
  booktitle = {ALENEX},
  year      = {2007}
}

@article{BGIKS08,
  author    = {Radu Berinde and
               Anna C. Gilbert and
               Piotr Indyk and
               Howard J. Karloff and
               Martin J. Strauss},
  title     = {{Combining geometry and combinatorics: A unified approach
               to sparse signal recovery}},
  journal   = {CoRR},
  volume    = {abs/0804.4666},
  year      = {2008},
  ee        = {http://arxiv.org/abs/0804.4666},
  bibsource = {DBLP, http://dblp.uni-trier.de}
}

@inproceedings{BK96,
  author    = {Andr{\'a}s A. Bencz{\'u}r and
               David R. Karger},
  title     = {{Approximating {\it s-t} Minimum Cuts in {\it {\~O}}({\it n}$^{\mbox{2}}$)
               Time}},
  booktitle = {STOC},
  year      = {1996},
  pages     = {47-55},
}

@INPROCEEDINGS{BKR10,
    author = {Babenko, Maxim and Kolesnichenko, Ignat and Razenshteyn, Ilya},
    title = {{A Linear Time Algorithm for Finding Three Edge-Disjoint Paths in Eulerian Networks}},
    year = {2010},
    pages = {165--175},
    booktitle = {Proceedings of SOFSEM}
}

@article{BGR10,
    author = {Babenko, Maxim and Gusakov, Alexey and Razenshteyn, Ilya},
    title = {{Triangle-Free 2-Matchings Revisited}},
    year = {2010},
    pages = {643--654},
    journal = {Discrete Mathematics, Algorithms and Applications},
    volume = {2},
    number = {4}
}

@article{BMRV02,
  author    = {Harry Buhrman and
               Peter Bro Miltersen and
               Jaikumar Radhakrishnan and
               Srinivasan Venkatesh},
  title     = {{Are Bitvectors Optimal?}},
  journal   = {SIAM J. Comput.},
  volume    = {31},
  number    = {6},
  year      = {2002},
  pages     = {1723-1744},
}

@inproceedings{BSS09,
  author    = {Joshua D. Batson and
               Daniel A. Spielman and
               Nikhil Srivastava},
  title     = {{Twice-Ramanujan Sparsifiers}},
  booktitle = {STOC},
  year      = {2009},
  pages     = {255-262},
  ee        = {http://doi.acm.org/10.1145/1536414.1536451},
  crossref  = {DBLP:conf/stoc/2009},
  bibsource = {DBLP, http://dblp.uni-trier.de}
}

@inproceedings{CHKZ02,
    author = {Cohen, Edith and Halperin, Eran and Kaplan, Haim and Zwick, Uri},
    title = {{Reachability and distance queries via 2-hop labels}},
    series = {SODA '02},
    year = {2002},
    pages = {937--946},
    publisher = {Society for Industrial and Applied Mathematics},
} 

@article{CMRSV02,
    author = {Chernov, Alexey and Muchnik, Andrey and Romashchenko, Andrei and Shen, Alexander and Vereshchagin, Nikolai},
    title = {{Upper semi-lattice of binary strings with the relation ``x is simple conditional to y''}},
    year = {2002},
    journal = {Theoretical Computer Science},
    volume = {271},
    pages = {69--95}
}

@inproceedings{CNSS08,
    author = {Calude, Stephan and Nies, Andr{\'{e}} and Staiger, Ludwig and Stephan, Frank},
    title = {{Universal recursively enumerable sets of strings}},
    year = {2008},
    pages = {170--182},
    booktitle = {Proceedings of DLT}
}

@inproceedings{DGPW11,
  author    = {Daniel Delling and
               Andrew V. Goldberg and
               Thomas Pajor and
               Renato Fonseca F. Werneck},
  title     = {{Customizable Route Planning}},
  booktitle = {SEA},
  year      = {2011},
  pages     = {376-387},
}

@INPROCEEDINGS{DGRW11,
    author = {Delling, Daniel and Goldberg, Andrew V. and Razenshteyn, Ilya and Werneck, Renato F.},
    title = {{Graph Partitioning with Natural Cuts}},
    year={2011},
    booktitle={Proceedings of IEEE International Parallel \& Distributed Processing Symposium}
}

@INPROCEEDINGS{DGRW12,
    author = {Delling, Daniel and Goldberg, Andrew V. and Razenshteyn, Ilya and Werneck, Renato F.},
    title = {{Exact Combinatorial Branch-and-Bound for Graph Bisection}},
    year={2012},
    booktitle={Proceedings of ALENEX, to appear}
}

@article{FK91,
   author = {Furstenberg, Hillel and Katznelson, Yitzhak},
   title = {{A density version of the Hales-Jewett theorem}},
   journal = {Journal d'Analyse Math√©matique},
   publisher = {Hebrew University Magnes Press},
   pages = {64-119},
   volume = {57},
   issue = {1},
   year = {1991}
}

@article{FSS84,
  author    = {Merrick L. Furst and
               James B. Saxe and
               Michael Sipser},
  title     = {Parity, Circuits, and the Polynomial-Time Hierarchy},
  journal   = {Mathematical Systems Theory},
  volume    = {17},
  number    = {1},
  year      = {1984},
  pages     = {13-27},
}

@article{GK73,
    author = {G{\'{a}}cs, Peter and K{\"{o}}rner, J{\'{a}}nos},
    title = {{Common information is far less than mutual information}},
    year = {1973},
    journal = {Problems of Control and Information Theory},
    volume = {2},
    number = {2},
    pages = {149--162}
}

@inproceedings{GKL03,
  author    = {Anupam Gupta and
               Robert Krauthgamer and
               James R. Lee},
  title     = {Bounded Geometries, Fractals, and Low-Distortion Embeddings},
  booktitle = {FOCS},
  year      = {2003},
  pages     = {534-543},
}

@article{GR98,
  author    = {Andrew V. Goldberg and
               Satish Rao},
  title     = {{Beyond the Flow Decomposition Barrier}},
  journal   = {J. ACM},
  volume    = {45},
  number    = {5},
  year      = {1998},
  pages     = {783-797},
  ee        = {http://doi.acm.org/10.1145/290179.290181},
  bibsource = {DBLP, http://dblp.uni-trier.de}
}

@unpublished{GS11,
    author = {Garban, Christophe and Steif, Jeffrey},
    title = {{Lectures on noise sensitivity and percolation}},
    year = {2011},
    note = {Preprint}
}

@article{GW74,
    author = {Gray, Robert and Wyner, Aaron},
    title = {{Source coding over simple networks}},
    journal = {Bell Systems Technical Journal},
    year = {1974},
    volume = {53},
    number = {9},
    pages = {1681--1721}
}

@inproceedings{H86,
  author    = {Johan H{\aa}stad},
  title     = {Almost Optimal Lower Bounds for Small Depth Circuits},
  booktitle = {STOC},
  year      = {1986},
  pages     = {6-20},
}

@article{HLW06,
    author = {Hoory, Shlomo and Linial, Nathan and Wigderson, Avi},
    title = {{Expander graphs and their applications}},
    journal = {Bulletin of the AMS},
    year = {2006},
    volume = {43},
    pages = {439--561}
}

@inproceedings{HW86,
    author = {Haussler, David and Welzl, Emo},
    title = {{Epsilon-nets and simplex range queries}},
    booktitle = {Proceedings of the second annual symposium on Computational geometry},
    series = {SCG '86},
    year = {1986},
    pages = {61--71},
    publisher = {ACM},
} 

@article{I97,
	title = {Ultrametric spaces and related Hilbert spaces},
	volume = {62},
	issn = {0001-4346},
	url = {http://www.springerlink.com/content/e257278425414g70/abstract/},
	doi = {10.1007/BF02355907},
	abstract = {We present simple proofs of the possibility of embedding ultrametric spaces in Hilbert spaces. The main part of the paper deals with ultrametric spaces that we call totally infinite spaces. Related Hilbert spaces, automorphisms of totally infinite spaces, and the corresponding linear operators are considered.},
	number = {2},
	urldate = {2012-11-24},
	journal = {Mathematical Notes},
	author = {Ismagilov, R.},
	year = {1997},
	keywords = {Mathematics and Statistics},
	pages = {186--197},
	file = {mzm1607.pdf:/Users/ilyaraz/Library/Application Support/Zotero/Profiles/a0tux620.default/zotero/storage/92S8498N/mzm1607.pdf:application/pdf;SpringerLink Snapshot:/Users/ilyaraz/Library/Application Support/Zotero/Profiles/a0tux620.default/zotero/storage/M8SBTIUK/10.html:text/html}
}

@inproceedings{IS07,
  author    = {Piotr Indyk and
               Anastasios Sidiropoulos},
  title     = {Probabilistic embeddings of bounded genus graphs into planar
               graphs},
  booktitle = {Symposium on Computational Geometry},
  year      = {2007},
  pages     = {204-209},
}

@inproceedings{IR08,
  author    = {Piotr Indyk and
               Milan Ruzic},
  title     = {{Near-Optimal Sparse Recovery in the L1 Norm}},
  booktitle = {FOCS},
  year      = {2008},
  pages     = {199-207},
}

@article{JKKR04,
  author    = {T. S. Jayram and
               Subhash Khot and
               Ravi Kumar and
               Yuval Rabani},
  title     = {{Cell-probe lower bounds for the partial match problem}},
  journal   = {J. Comput. Syst. Sci.},
  volume    = {69},
  number    = {3},
  year      = {2004},
  pages     = {435-447},
}

@inproceedings{KMP10,
  author    = {Ioannis Koutis and
               Gary L. Miller and
               Richard Peng},
  title     = {{Approaching Optimality for Solving SDD Linear Systems}},
  booktitle = {FOCS},
  year      = {2010},
  pages     = {235-244},
}

@inproceedings{KPR93,
  author    = {Philip N. Klein and
               Serge A. Plotkin and
               Satish Rao},
  title     = {{Excluded minors, network decomposition, and multicommodity
               flow}},
  booktitle = {STOC},
  year      = {1993},
  pages     = {682-690},
}

@article{LLR95,
  author    = {Nathan Linial and
               Eran London and
               Yuri Rabinovich},
  title     = {The Geometry of Graphs and Some of its Algorithmic Applications},
  journal   = {Combinatorica},
  volume    = {15},
  number    = {2},
  year      = {1995},
  pages     = {215-245},
}

@inproceedings{LM10,
  author    = {Frank Thomson Leighton and
               Ankur Moitra},
  title     = {{Extensions and limits to vertex sparsification}},
  booktitle = {STOC},
  year      = {2010},
  pages     = {47-56},
}

@article{M86,
    author = {Muchnik, Andrej},
    title = {{On the extraction of common information of two words}},
    journal = {Pervyi vsemirnyi
kongress obshchestva matematicheskoi statistiki i teorii veroyatnostei imeni Bernoulli. Tezisy},
    year = {1986},
    volume = {1},
    pages = {453}
}

@article{M98,
    author = {Muchnik, Andrej},
    title = {{On common information}},
    journal = {Theoretical Computer Science},
    year = {1998},
    volume = {207},
    number = {2},
    pages = {319--328}
}

@book{M02,
    author = {Matou\u{s}ek, Ji\u{r}\'{i}},
    title = {{Lectures on Discrete Geometry}},
    year = {2002},
    publisher = {Springer-Verlag New York, Inc.},
} 

@inproceedings{M09,
  author    = {Ankur Moitra},
  title     = {{Approximation Algorithms for Multicommodity-Type Problems
               with Guarantees Independent of the Graph Size}},
  booktitle = {FOCS},
  year      = {2009},
  pages     = {3-12},
}

@unpublished{MM05,
    author = {Makarychev, Konstantin and Makarychev, Yury},
    title = {{Conditionally independent random variables}},
    year = {2005},
    note = {Preprint}
}

@inproceedings{MN06,
  author    = {Manor Mendel and
               Assaf Naor},
  title     = {Ramsey partitions and proximity data structures},
  booktitle = {FOCS},
  year      = {2006},
  pages     = {109-118},
}

@inproceedings{NNW12,
  author    = {Jelani Nelson and
               Huy L. Nguy{\^e}n and
               David P. Woodruff},
  title     = {{On Deterministic Sketching and Streaming for Sparse Recovery
               and Norm Estimation}},
  booktitle = {APPROX-RANDOM},
  year      = {2012},
  pages     = {627-638}
}

@unpublished{P09,
    author = {Polymath, D.H.J.},
    title = {{A new proof of the density Hales-Jewett theorem}},
    year = {2009},
    note = {Preprint},
}

@article{PS97,
    author = {Panconesi, Alessandro and Srinivasan, Aravind},
    title = {{Randomized Distributed Edge Coloring via an Extension of the Chernoff-Hoeffding Bounds}},
    journal = {SIAM Journal on Computing},
    year = {1997},
    volume = {26},
    number = {2},
    pages = {350--368}
}

@inproceedings{R99,
  author    = {Satish Rao},
  title     = {{Small Distortion and Volume Preserving Embeddings for Planar
               and Euclidean Metrics}},
  booktitle = {Symposium on Computational Geometry},
  year      = {1999},
  pages     = {300-306},
}

@article{R00,
    author = {Romashchenko, Andrei},
    title = {{Pairs of words with nonmaterializable mutual information}},
    journal = {Problems of Information Transmission},
    year = {2000},
    volume = {36},
    pages = {1--18}
}

@unpublished{R11,
    author = {Razenshteyn, Ilya},
    title = {{Common information revisited}},
    note = {Unpublished manuscript available at \emph{http://arxiv.org/abs/1104.3207}}
}

@article{S48,
    author = {Shannon, Claude},
    title = {{A Mathematical Theory of Communication}},
    journal = {The Bell System Technical Journal},
    year = {1948},
    volume = {27},
    pages = {379--423, 623--656}
}

@article{ST08a,
  author    = {Daniel A. Spielman and
               Shang-Hua Teng},
  title     = {{A Local Clustering Algorithm for Massive Graphs and its
               Application to Nearly-Linear Time Graph Partitioning}},
  journal   = {CoRR},
  volume    = {abs/0809.3232},
  year      = {2008},
  ee        = {http://arxiv.org/abs/0809.3232},
  bibsource = {DBLP, http://dblp.uni-trier.de}
}

@article{ST11,
  author    = {Daniel A. Spielman and
               Shang-Hua Teng},
  title     = {{Spectral Sparsification of Graphs}},
  journal   = {SIAM J. Comput.},
  volume    = {40},
  number    = {4},
  year      = {2011},
  pages     = {981-1025},
}

@article{SS11,
  author    = {Daniel A. Spielman and
               Nikhil Srivastava},
  title     = {{Graph Sparsification by Effective Resistances}},
  journal   = {SIAM J. Comput.},
  volume    = {40},
  number    = {6},
  year      = {2011},
  pages     = {1913-1926},
}

@article{TZ05,
    author = {Thorup, Mikkel and Zwick, Uri},
    title = {{Approximate distance oracles}},
    journal = {J. ACM},
    volume = {52},
    number = {1},
    year = {2005},
    pages = {1--24},
    publisher = {ACM},
} 

@book{V04,
    author = {Vazirani, Vijay V.},
    publisher = {Springer},
    title = {{Approximation Algorithms}},
    year = {2004}
}

@article{V12,
  author    = {Gregory Valiant},
  title     = {{Finding Correlations in Subquadratic Time, with Applications
               to Learning Parities and Juntas with Noise}},
  journal   = {Electronic Colloquium on Computational Complexity (ECCC)},
  volume    = {19},
  year      = {2012},
  pages     = {6}
}

@article{VC71,
    title={{On the uniform convergence of relative frequencies of events to their probabilities}},
    volume={16},
    number={2},
    journal={Theory of Probability and Its Applications},
    publisher={SIAM},
    author={Vapnik, V.N. and Chervonenkis, A.Y.},
    year={1971},
    pages={264--280}
}

@article{W05,
    author    = {Ryan Williams},
    title     = {{A new algorithm for optimal 2-constraint satisfaction and
               its implications}},
    journal   = {Theor. Comput. Sci.},
    volume    = {348},
    number    = {2-3},
    year      = {2005},
    pages     = {357-365},
}
